<?xml version="1.0" encoding="UTF-8"?><collection xmlns="http://www.loc.gov/MARC21/slim"><record><leader>00575nam--2200181-i-4500</leader><controlfield tag="001">000024039</controlfield><controlfield tag="002">20161230</controlfield><controlfield tag="005">20161230201035</controlfield><controlfield tag="008">060222s1000------------r-----000-0-fre-d</controlfield><datafield ind1=" " ind2=" " tag="040"><subfield code="a">IFIN-HH</subfield></datafield><datafield ind1=" " ind2=" " tag="041"><subfield code="a">fre</subfield></datafield><datafield ind1=" " ind2=" " tag="080"><subfield code="a">537.534.35:539.172.3(043)</subfield></datafield><datafield ind1="1" ind2=" " tag="100"><subfield code="a">Tadjeddine-bizot, Mireille</subfield></datafield><datafield ind1="1" ind2="0" tag="245"><subfield code="a">Spectroscopie des ions fragments produits par la pthoto(pre)dissociation d'ions moleculaires diatomiques</subfield><subfield code="b">These</subfield><subfield code="c">Mireille tadjeddine-bizot</subfield></datafield><datafield ind1=" " ind2=" " tag="260"><subfield code="a">Paris</subfield><subfield code="b">Universite De Paris-sud</subfield><subfield code="c">1978</subfield></datafield><datafield ind1=" " ind2=" " tag="300"><subfield code="a">247p</subfield></datafield><datafield ind1=" " ind2=" " tag="852"><subfield code="a">49767</subfield><subfield code="c">535.33</subfield></datafield><datafield ind1=" " ind2=" " tag="CAT"><subfield code="a">Sys</subfield><subfield code="c">20101216</subfield><subfield code="h">150050</subfield></datafield></record></collection>